<?xml version="1.0" encoding="UTF-8" ?>
<collection xmlns:xsi="http://www.w3.org/2001/XMLSchema-instance"
    xsi:schemaLocation="http://www.loc.gov/MARC21/slim
        http://www.loc.gov/standards/marcxml/schema/MARC21slim.xsd"
    xmlns="http://www.loc.gov/MARC21/slim">
<record>
  <leader>00237cam a2200445 i 4500</leader>
  <controlfield tag="001">b12784709</controlfield>
  <controlfield tag="003">LeBAU</controlfield>
  <controlfield tag="005">20170616</controlfield>
  <controlfield tag="008">971203s1940    ua       b    ||0 0 ara d</controlfield>
  <datafield tag="035" ind1=" " ind2=" ">
    <subfield code="a">ocn801202748</subfield>
  </datafield>
  <datafield tag="040" ind1=" " ind2=" ">
    <subfield code="a">LEAUB</subfield>
    <subfield code="b">ara</subfield>
    <subfield code="e">rda</subfield>
    <subfield code="c">LEAUB</subfield>
    <subfield code="d">LEAUB</subfield>
  </datafield>
  <datafield tag="082" ind1="0" ind2="4">
    <subfield code="a">270</subfield>
    <subfield code="2">22</subfield>
  </datafield>
  <datafield tag="100" ind1="0" ind2=" ">
    <subfield code="6">880-01</subfield>
    <subfield code="a">Ighnāṭyūs Afrām</subfield>
    <subfield code="b">I,</subfield>
    <subfield code="c">Patriarch of Antioch,</subfield>
    <subfield code="d">1887-1957,</subfield>
    <subfield code="e">author.</subfield>
  </datafield>
  <datafield tag="245" ind1="1" ind2="0">
    <subfield code="6">880-02</subfield>
    <subfield code="a">Kitāb al-Durar al-nafīsah fī mukhtaṣar tārīkh al-kanīsah /</subfield>
    <subfield code="c">ta’līf Ighnāṭyuṣ Afrām al-Awwal Barṣūm, Baṭrīyark Anṭākīyah wa-Sā’ir al-Mashriq ‘alá al-Siryān.</subfield>
  </datafield>
  <datafield tag="246" ind1="3" ind2="0">
    <subfield code="6">880-03</subfield>
    <subfield code="a">Durar al-nafīsah fī mukhtaṣar tārīkh al-kanīsah</subfield>
  </datafield>
  <datafield tag="246" ind1="1" ind2=" ">
    <subfield code="6">880-04</subfield>
    <subfield code="i">Parallel title:</subfield>
    <subfield code="a">Histoire abrégée de l'eglise</subfield>
  </datafield>
  <datafield tag="264" ind1=" " ind2="1">
    <subfield code="6">880-05</subfield>
    <subfield code="a">Ḥimṣ :</subfield>
    <subfield code="b">Maṭba‘at al-Salāmah,</subfield>
    <subfield code="c">1940.</subfield>
  </datafield>
  <datafield tag="300" ind1=" " ind2=" ">
    <subfield code="6">880-06</subfield>
    <subfield code="a">1 volume (614 pages) ;</subfield>
    <subfield code="c">21 cm</subfield>
  </datafield>
  <datafield tag="336" ind1=" " ind2=" ">
    <subfield code="a">text</subfield>
    <subfield code="b">txt</subfield>
    <subfield code="2">rdacontent</subfield>
  </datafield>
  <datafield tag="337" ind1=" " ind2=" ">
    <subfield code="a">unmediated</subfield>
    <subfield code="b">n</subfield>
    <subfield code="2">rdamedia</subfield>
  </datafield>
  <datafield tag="338" ind1=" " ind2=" ">
    <subfield code="a">volume</subfield>
    <subfield code="b">nc</subfield>
    <subfield code="2">rdacarrier</subfield>
  </datafield>
  <datafield tag="500" ind1=" " ind2=" ">
    <subfield code="a">"Histoire abrégée de l'eglise / par Sa Bétitude Ignatius Aphram I Barsaum, Patriarche Syrien d'Antioche et de Tout l'Orient"</subfield>
  </datafield>
  <datafield tag="500" ind1=" " ind2=" ">
    <subfield code="a">من المرجح بأنه لم يتم إصدار أي جزء آخر من الكتاب.</subfield>
  </datafield>
  <datafield tag="504" ind1=" " ind2=" ">
    <subfield code="a">يتضمن مراجع ببليوغرافية (صفحات 6-21)</subfield>
  </datafield>
  <datafield tag="590" ind1=" " ind2=" ">
    <subfield code="a">في المكتبة: المجلد 1.</subfield>
  </datafield>
  <datafield tag="650" ind1=" " ind2="4">
    <subfield code="a">التاريخ الكنسي.</subfield>
  </datafield>
  <datafield tag="650" ind1=" " ind2="4">
    <subfield code="a">المسيحية</subfield>
    <subfield code="x">تاريخ.</subfield>
  </datafield>
  <datafield tag="650" ind1=" " ind2="0">
    <subfield code="a">Church history.</subfield>
  </datafield>
  <datafield tag="650" ind1=" " ind2="0">
    <subfield code="a">Christianity</subfield>
    <subfield code="x">History.</subfield>
  </datafield>
  <datafield tag="852" ind1=" " ind2=" ">
    <subfield code="a">Jafet Archives and Special Collections</subfield>
    <subfield code="e">American University of Beirut, Bliss Street , Beirut, Lebanon.</subfield>
  </datafield>
  <datafield tag="880" ind1="0" ind2=" ">
    <subfield code="6">100-01/(3/r</subfield>
    <subfield code="a">اغناطيوس افرام</subfield>
    <subfield code="b">الأول،</subfield>
    <subfield code="c">بطريرك انطاكية،</subfield>
    <subfield code="d">1887-1957،</subfield>
    <subfield code="e">مؤلف. </subfield>
    <subfield code="4">aut.</subfield>
  </datafield>
  <datafield tag="880" ind1="1" ind2="0">
    <subfield code="6">245-02/(3/r</subfield>
    <subfield code="a">كتاب الدرر النفيسة في مختصر تاريخ الكنيسة /</subfield>
    <subfield code="c">تأليف إغناطيوس أفرام الأول برصوم، بطريرك أنطاكية وسائر المشرق على السريان.</subfield>
  </datafield>
  <datafield tag="880" ind1="3" ind2="0">
    <subfield code="6">246-03/(3/r</subfield>
    <subfield code="a">الدرر النفيسة في مختصر تاريخ الكنيسة</subfield>
  </datafield>
  <datafield tag="880" ind1="1" ind2=" ">
    <subfield code="6">246-04/(3/r</subfield>
    <subfield code="i">عنوان موازي:</subfield>
    <subfield code="a">Histoire abrégée de l'eglise</subfield>
  </datafield>
  <datafield tag="880" ind1=" " ind2="1">
    <subfield code="6">264-05/(3/r</subfield>
    <subfield code="a">حمص :</subfield>
    <subfield code="b">مطبعة السلامة،</subfield>
    <subfield code="c">1940.</subfield>
  </datafield>
  <datafield tag="880" ind1=" " ind2=" ">
    <subfield code="6">300-06/(3/r</subfield>
    <subfield code="a">1 مجلد (614 صفحة) ؛</subfield>
    <subfield code="c">21 سم</subfield>
  </datafield>
  <datafield tag="907" ind1=" " ind2=" ">
    <subfield code="a">.b12784709</subfield>
    <subfield code="b">17-06-21</subfield>
    <subfield code="c">11-05-24</subfield>
  </datafield>
  <datafield tag="907" ind1=" " ind2=" ">
    <subfield code="a">.b12784709</subfield>
    <subfield code="b">15-10-15</subfield>
    <subfield code="c">11-05-24</subfield>
  </datafield>
  <datafield tag="945" ind1=" " ind2=" ">
    <subfield code="f">CA</subfield>
    <subfield code="a">270:B28dA:v.1:c.1</subfield>
    <subfield code="i">01070705</subfield>
    <subfield code="j">.i13376627</subfield>
    <subfield code="l">u0304</subfield>
  </datafield>
  <datafield tag="998" ind1=" " ind2=" ">
    <subfield code="a">u03</subfield>
    <subfield code="b">97-12-03</subfield>
    <subfield code="c">m</subfield>
    <subfield code="d">a</subfield>
    <subfield code="e">-</subfield>
    <subfield code="f">ara</subfield>
    <subfield code="g">sy </subfield>
    <subfield code="h">0</subfield>
    <subfield code="i">1</subfield>
  </datafield>
</record>
</collection>
